%% This BibTeX bibliography file was created using BibDesk.
%% http://bibdesk.sourceforge.net/
%% Created for Jie Cheng at 2015-01-27 03:13:21 pm +0000
%% Saved with string encoding Unicode (UTF-8)
@article{2017Neural,
  title={Neural Attentive Session-based Recommendation},
  author={ Jing, L.  and  Ren, P.  and  Chen, Z.  and  Ren, Z.  and  Ma, J. },
  journal={ACM},
  year={2017},
}

@article{tang2015extreme,
  title={Extreme learning machine for multilayer perceptron},
  author={Tang, Jiexiong and Deng, Chenwei and Huang, Guang-Bin},
  journal={IEEE Transactions on Neural Networks and Learning Systems},
  volume={27},
  number={4},
  pages={809--821},
  year={2015},
  publisher={IEEE}
}
@inproceedings{guo2019buying,
  title={Buying or browsing?: Predicting real-time purchasing intent using attention-based deep network with multiple behavior},
  author={Guo, Long and Hua, Lifeng and Jia, Rongfei and Zhao, Binqiang and Wang, Xiaobo and Cui, Bin},
  booktitle={Proceedings of the 25th ACM SIGKDD International Conference on Knowledge Discovery \& Data Mining},
  pages={1984--1992},
  year={2019}
}

@inproceedings{li2017neural,
  title={Neural attentive session-based recommendation},
  author={Li, Jing and Ren, Pengjie and Chen, Zhumin and Ren, Zhaochun and Lian, Tao and Ma, Jun},
  booktitle={Proceedings of the 26th ACM on Conference on Information and Knowledge Management},
  pages={1419--1428},
  year={2017},
  organization={ACM}
}
@article{zhu,
title ={基于主题序列模式的旅游产品推荐引擎},
journal = {计算机研究与发展},
volume = {55},
number = {2018-5-920},
pages = {920},
year = {2018},
issn = {1000-1239},
doi = {10.7544/issn1000-1239.2018.20160926},
url = {https://crad.ict.ac.cn/article/doi/10.7544/issn1000-1239.2018.20160926},
author = {朱桂祥{,}曹杰}
}